# Manually added references

@software{haiku2020github,
  author = {Tom Hennigan and Trevor Cai and Tamara Norman and Igor Babuschkin},
  title = {{H}aiku: {S}onnet for {JAX}},
  url = {http://github.com/deepmind/dm-haiku},
  version = {0.0.3},
  year = {2020},
}