
@inreference{AdapterPattern__2022,
  title = {Adapter Pattern},
  booktitle = {Wikipedia},
  date = {2022-05-31T12:29:22Z},
  url = {https://en.wikipedia.org/w/index.php?title=Adapter_pattern&oldid=1090799086},
  urldate = {2022-06-09},
  langid = {english},
  annotation = {Page Version ID: 1090799086}
}

@book{ArtificialIntelligenceGames_Yannakakis.Togelius_2018,
  title = {Artificial {{Intelligence}} and {{Games}}},
  author = {Yannakakis, Georgios N. and Togelius, Julian},
  date = {2018},
  publisher = {{Springer International Publishing}},
  location = {{Cham}},
  doi = {10.1007/978-3-319-63519-4},
  isbn = {978-3-319-63518-7 978-3-319-63519-4},
  langid = {english},
  keywords = {AI,games}
}

@incollection{BanditBasedMonteCarlo_Kocsis.Szepesvari_2006,
  title = {Bandit {{Based Monte-Carlo Planning}}},
  booktitle = {Machine {{Learning}}: {{ECML}} 2006},
  author = {Kocsis, Levente and Szepesvári, Csaba},
  editor = {Fürnkranz, Johannes and Scheffer, Tobias and Spiliopoulou, Myra},
  date = {2006},
  volume = {4212},
  pages = {282--293},
  publisher = {{Springer Berlin Heidelberg}},
  location = {{Berlin, Heidelberg}},
  url = {http://link.springer.com/10.1007/11871842_29},
  urldate = {2021-04-05},
  editorb = {Hutchison, David and Kanade, Takeo and Kittler, Josef and Kleinberg, Jon M. and Mattern, Friedemann and Mitchell, John C. and Naor, Moni and Nierstrasz, Oscar and Pandu Rangan, C. and Steffen, Bernhard and Sudan, Madhu and Terzopoulos, Demetri and Tygar, Dough and Vardi, Moshe Y. and Weikum, Gerhard},
  editorbtype = {redactor},
  isbn = {978-3-540-45375-8 978-3-540-46056-5},
  langid = {english}
}

@unpublished{DistributedPrioritizedExperience_Horgan.Quan.ea_2018,
  title = {Distributed {{Prioritized Experience Replay}}},
  author = {Horgan, Dan and Quan, John and Budden, David and Barth-Maron, Gabriel and Hessel, Matteo and van Hasselt, Hado and Silver, David},
  options = {useprefix=true},
  date = {2018-03-02},
  eprint = {1803.00933},
  eprinttype = {arxiv},
  primaryclass = {cs},
  url = {http://arxiv.org/abs/1803.00933},
  urldate = {2021-06-08},
  archiveprefix = {arXiv},
  keywords = {thesis}
}

@software{DmEnvDeepMind__2022,
  title = {Dm\_env: {{The DeepMind RL Environment API}}},
  shorttitle = {Dm\_env},
  date = {2022-06-07T13:52:23Z},
  origdate = {2019-07-08T13:58:50Z},
  url = {https://github.com/deepmind/dm_env},
  urldate = {2022-06-09},
  organization = {{DeepMind}}
}

@incollection{EfficientSelectivityBackup_Coulom_2007,
  title = {Efficient {{Selectivity}} and {{Backup Operators}} in {{Monte-Carlo Tree Search}}},
  booktitle = {Computers and {{Games}}},
  author = {Coulom, Rémi},
  editor = {van den Herik, H. Jaap and Ciancarini, Paolo and Donkers, H. H. L. M.},
  options = {useprefix=true},
  date = {2007},
  series = {Lecture {{Notes}} in {{Computer Science}}},
  volume = {4630},
  pages = {72--83},
  publisher = {{Springer Berlin Heidelberg}},
  location = {{Berlin, Heidelberg}},
  doi = {10.1007/978-3-540-75538-8_7},
  editorb = {Hutchison, David and Kanade, Takeo and Kittler, Josef and Kleinberg, Jon M. and Mattern, Friedemann and Mitchell, John C. and Naor, Moni and Nierstrasz, Oscar and Pandu Rangan, C. and Steffen, Bernhard and Sudan, Madhu and Terzopoulos, Demetri and Tygar, Doug and Vardi, Moshe Y. and Weikum, Gerhard},
  editorbtype = {redactor},
  isbn = {978-3-540-75537-1 978-3-540-75538-8},
  langid = {english}
}

@article{FormalBasisHeuristic_Hart.Nilsson.ea_1968,
  title = {A {{Formal Basis}} for the {{Heuristic Determination}} of {{Minimum Cost Paths}}},
  author = {Hart, Peter E. and Nilsson, Nils J. and Raphael, Bertram},
  date = {1968-07},
  journaltitle = {IEEE Transactions on Systems Science and Cybernetics},
  volume = {4},
  number = {2},
  pages = {100--107},
  issn = {2168-2887},
  doi = {10.1109/TSSC.1968.300136},
  eventtitle = {{{IEEE Transactions}} on {{Systems Science}} and {{Cybernetics}}}
}

@inreference{JosephJagger__2022,
  title = {Joseph {{Jagger}}},
  booktitle = {Wikipedia},
  date = {2022-04-20T06:01:04Z},
  url = {https://en.wikipedia.org/w/index.php?title=Joseph_Jagger&oldid=1083701644},
  urldate = {2022-06-03},
  langid = {english},
  annotation = {Page Version ID: 1083701644}
}

@article{MasteringAtariGo_Schrittwieser.Antonoglou.ea_2020,
  title = {Mastering {{Atari}}, {{Go}}, Chess and Shogi by Planning with a Learned Model},
  author = {Schrittwieser, Julian and Antonoglou, Ioannis and Hubert, Thomas and Simonyan, Karen and Sifre, Laurent and Schmitt, Simon and Guez, Arthur and Lockhart, Edward and Hassabis, Demis and Graepel, Thore and Lillicrap, Timothy and Silver, David},
  date = {2020-12-24},
  journaltitle = {Nature},
  shortjournal = {Nature},
  volume = {588},
  number = {7839},
  pages = {604--609},
  issn = {0028-0836, 1476-4687},
  doi = {10.1038/s41586-020-03051-4},
  langid = {english},
  keywords = {thesis},
  annotation = {218 citations (Semantic Scholar/DOI) [2021-04-28] muzero}
}

@article{MasteringGameGo_Silver.Schrittwieser.ea_2017,
  title = {Mastering the Game of {{Go}} without Human Knowledge},
  author = {Silver, David and Schrittwieser, Julian and Simonyan, Karen and Antonoglou, Ioannis and Huang, Aja and Guez, Arthur and Hubert, Thomas and Baker, Lucas and Lai, Matthew and Bolton, Adrian and Chen, Yutian and Lillicrap, Timothy and Hui, Fan and Sifre, Laurent and van den Driessche, George and Graepel, Thore and Hassabis, Demis},
  options = {useprefix=true},
  date = {2017-10},
  journaltitle = {Nature},
  volume = {550},
  number = {7676},
  pages = {354--359},
  publisher = {{Nature Publishing Group}},
  issn = {1476-4687},
  doi = {10.1038/nature24270},
  issue = {7676},
  langid = {english},
  keywords = {thesis}
}

@unpublished{MinAtarAtariInspiredTestbed_Young.Tian_2019,
  title = {{{MinAtar}}: {{An Atari-Inspired Testbed}} for {{Thorough}} and {{Reproducible Reinforcement Learning Experiments}}},
  shorttitle = {{{MinAtar}}},
  author = {Young, Kenny and Tian, Tian},
  date = {2019-06-06},
  number = {arXiv:1903.03176},
  eprint = {1903.03176},
  eprinttype = {arxiv},
  primaryclass = {cs},
  publisher = {{arXiv}},
  doi = {10.48550/arXiv.1903.03176},
  archiveprefix = {arXiv}
}

@article{ModificationUCTPatterns_Gelly.Wang.ea_2006,
  title = {Modification of {{UCT}} with Patterns in {{Monte-Carlo}} Go},
  author = {Gelly, Sylvain and Wang, Yizao and Munos, Rémi and Teytaud, Olivier},
  date = {2006},
  url = {http://citeseerx.ist.psu.edu/viewdoc/citations?doi=10.1.1.96.7727},
  urldate = {2022-06-03},
  langid = {english}
}

@inreference{MonteCarloCasino__2022,
  title = {Monte {{Carlo Casino}}},
  booktitle = {Wikipedia},
  date = {2022-05-28T13:26:51Z},
  url = {https://en.wikipedia.org/w/index.php?title=Monte_Carlo_Casino&oldid=1090263293},
  urldate = {2022-06-03},
  langid = {english},
  annotation = {Page Version ID: 1090263293}
}

@article{MonteCarloGo_Brugmann_1993,
  title = {Monte {{Carlo Go}}},
  author = {Brügmann, Bernd},
  date = {1993},
  url = {http://citeseerx.ist.psu.edu/viewdoc/citations;jsessionid=F7111F60B165A10780A1F4E08F13CBB9?doi=10.1.1.10.449},
  urldate = {2022-06-03},
  langid = {english}
}

@article{MonteCarloTreeSearch_Chaslot.Bakkes.ea_2008,
  title = {Monte-{{Carlo Tree Search}}: {{A New Framework}} for {{Game AI}}},
  author = {Chaslot, Guillaume and Bakkes, Sander and Szita, Istvan and Spronck, Pieter},
  date = {2008},
  pages = {2},
  langid = {english}
}

@unpublished{OnlineOfflineReinforcement_Schrittwieser.Hubert.ea_2021,
  title = {Online and {{Offline Reinforcement Learning}} by {{Planning}} with a {{Learned Model}}},
  author = {Schrittwieser, Julian and Hubert, Thomas and Mandhane, Amol and Barekatain, Mohammadamin and Antonoglou, Ioannis and Silver, David},
  date = {2021-04-13},
  eprint = {2104.06294},
  eprinttype = {arxiv},
  primaryclass = {cs},
  url = {http://arxiv.org/abs/2104.06294},
  urldate = {2021-04-17},
  archiveprefix = {arXiv},
  langid = {english},
  keywords = {thesis},
  annotation = {1 citations (Semantic Scholar/arXiv) [2021-04-28]}
}

@unpublished{OpenAIGym_Brockman.Cheung.ea_2016,
  title = {{{OpenAI Gym}}},
  author = {Brockman, Greg and Cheung, Vicki and Pettersson, Ludwig and Schneider, Jonas and Schulman, John and Tang, Jie and Zaremba, Wojciech},
  date = {2016-06-05},
  number = {arXiv:1606.01540},
  eprint = {1606.01540},
  eprinttype = {arxiv},
  primaryclass = {cs},
  publisher = {{arXiv}},
  doi = {10.48550/arXiv.1606.01540},
  archiveprefix = {arXiv}
}

@unpublished{OperatorViewPolicy_Ghosh.Machado.ea_2020,
  title = {An Operator View of Policy Gradient Methods},
  author = {Ghosh, Dibya and Machado, Marlos C. and Roux, Nicolas Le},
  date = {2020-10-22},
  number = {arXiv:2006.11266},
  eprint = {2006.11266},
  eprinttype = {arxiv},
  primaryclass = {cs, stat},
  publisher = {{arXiv}},
  url = {http://arxiv.org/abs/2006.11266},
  urldate = {2022-05-31},
  archiveprefix = {arXiv}
}

@unpublished{PrioritizedExperienceReplay_Schaul.Quan.ea_2016,
  title = {Prioritized {{Experience Replay}}},
  author = {Schaul, Tom and Quan, John and Antonoglou, Ioannis and Silver, David},
  date = {2016-02-25},
  number = {arXiv:1511.05952},
  eprint = {1511.05952},
  eprinttype = {arxiv},
  primaryclass = {cs},
  publisher = {{arXiv}},
  url = {http://arxiv.org/abs/1511.05952},
  urldate = {2022-06-09},
  archiveprefix = {arXiv}
}

@article{RealtimeHeuristicSearch_Korf_1990,
  title = {Real-Time Heuristic Search},
  author = {Korf, Richard E.},
  date = {1990-03-01},
  journaltitle = {Artificial Intelligence},
  shortjournal = {Artificial Intelligence},
  volume = {42},
  number = {2},
  pages = {189--211},
  issn = {0004-3702},
  doi = {10.1016/0004-3702(90)90054-4},
  langid = {english}
}

@book{ReinforcementLearningIntroduction_Sutton.Barto_2018,
  title = {Reinforcement Learning: An Introduction},
  shorttitle = {Reinforcement Learning},
  author = {Sutton, Richard S. and Barto, Andrew G.},
  date = {2018},
  series = {Adaptive Computation and Machine Learning Series},
  edition = {Second edition},
  publisher = {{The MIT Press}},
  location = {{Cambridge, Massachusetts}},
  isbn = {978-0-262-03924-6},
  langid = {english},
  pagetotal = {526}
}

@article{SimpleStatisticalGradientfollowing_Williams_1992,
  title = {Simple Statistical Gradient-Following Algorithms for Connectionist Reinforcement Learning},
  author = {Williams, Ronald J.},
  date = {1992-05-01},
  journaltitle = {Machine Learning},
  shortjournal = {Mach Learn},
  volume = {8},
  number = {3},
  pages = {229--256},
  issn = {1573-0565},
  doi = {10.1007/BF00992696},
  langid = {english}
}

@unpublished{ValuePredictionNetwork_Oh.Singh.ea_2017,
  title = {Value {{Prediction Network}}},
  author = {Oh, Junhyuk and Singh, Satinder and Lee, Honglak},
  date = {2017-11-06},
  eprint = {1707.03497},
  eprinttype = {arxiv},
  primaryclass = {cs},
  url = {http://arxiv.org/abs/1707.03497},
  urldate = {2021-05-14},
  archiveprefix = {arXiv},
  langid = {english},
  keywords = {thesis}
}

@unpublished{VectorQuantizedModels_Ozair.Li.ea_2021,
  title = {Vector {{Quantized Models}} for {{Planning}}},
  author = {Ozair, Sherjil and Li, Yazhe and Razavi, Ali and Antonoglou, Ioannis and van den Oord, Aäron and Vinyals, Oriol},
  date = {2021-06-10},
  number = {arXiv:2106.04615},
  eprint = {2106.04615},
  eprinttype = {arxiv},
  primaryclass = {cs, stat},
  publisher = {{arXiv}},
  doi = {10.48550/arXiv.2106.04615},
  archiveprefix = {arXiv}
}


