
@unpublished{AcceleratingSelfPlayLearning_Wu_2020,
  title = {Accelerating {{Self-Play Learning}} in {{Go}}},
  author = {Wu, David J.},
  date = {2020-11-09},
  number = {arXiv:1902.10565},
  eprint = {1902.10565},
  eprinttype = {arxiv},
  primaryclass = {cs, stat},
  publisher = {{arXiv}},
  url = {http://arxiv.org/abs/1902.10565},
  urldate = {2022-06-15},
  archiveprefix = {arXiv}
}

@unpublished{AcmeResearchFramework_Hoffman.Shahriari.ea_2020,
  title = {Acme: {{A Research Framework}} for {{Distributed Reinforcement Learning}}},
  shorttitle = {Acme},
  author = {Hoffman, Matt and Shahriari, Bobak and Aslanides, John and Barth-Maron, Gabriel and Behbahani, Feryal and Norman, Tamara and Abdolmaleki, Abbas and Cassirer, Albin and Yang, Fan and Baumli, Kate and Henderson, Sarah and Novikov, Alex and Colmenarejo, Sergio Gómez and Cabi, Serkan and Gulcehre, Caglar and Paine, Tom Le and Cowie, Andrew and Wang, Ziyu and Piot, Bilal and de Freitas, Nando},
  options = {useprefix=true},
  date = {2020-06-01},
  eprint = {2006.00979},
  eprinttype = {arxiv},
  primaryclass = {cs},
  url = {http://arxiv.org/abs/2006.00979},
  urldate = {2021-05-22},
  archiveprefix = {arXiv},
  langid = {english}
}

@misc{ActorMimicDeepMultitask_Parisotto.Ba.ea_2016,
  title = {Actor-{{Mimic}}: {{Deep Multitask}} and {{Transfer Reinforcement Learning}}},
  shorttitle = {Actor-{{Mimic}}},
  author = {Parisotto, Emilio and Ba, Jimmy Lei and Salakhutdinov, Ruslan},
  date = {2016-02-22},
  number = {arXiv:1511.06342},
  eprint = {1511.06342},
  eprinttype = {arxiv},
  primaryclass = {cs},
  publisher = {{arXiv}},
  url = {http://arxiv.org/abs/1511.06342},
  urldate = {2022-07-02},
  archiveprefix = {arXiv},
  keywords = {notion}
}

@misc{AdamMethodStochastic_Kingma.Ba_2017,
  title = {Adam: {{A Method}} for {{Stochastic Optimization}}},
  shorttitle = {Adam},
  author = {Kingma, Diederik P. and Ba, Jimmy},
  date = {2017-01-29},
  number = {arXiv:1412.6980},
  eprint = {1412.6980},
  eprinttype = {arxiv},
  primaryclass = {cs},
  publisher = {{arXiv}},
  url = {http://arxiv.org/abs/1412.6980},
  urldate = {2022-08-05},
  archiveprefix = {arXiv},
  version = {9}
}

@inreference{AdapterPattern__2022,
  title = {Adapter Pattern},
  booktitle = {Wikipedia},
  date = {2022-05-31T12:29:22Z},
  url = {https://en.wikipedia.org/w/index.php?title=Adapter_pattern&oldid=1090799086},
  urldate = {2022-06-09},
  langid = {english},
  annotation = {Page Version ID: 1090799086}
}

@article{AnalysisAlphaBetaPriming_Knuth.Moore_1975,
  title = {An {{Analysis}} of {{Alpha-Beta Priming}}'},
  author = {Knuth, Donald E and Moore, Ronald W},
  date = {1975},
  journaltitle = {Artificial Intelligence},
  pages = {34},
  langid = {english}
}

@article{ArcadeLearningEnvironment_Bellemare.Naddaf.ea_2013a,
  title = {The {{Arcade Learning Environment}}: {{An Evaluation Platform}} for {{General Agents}}},
  shorttitle = {The {{Arcade Learning Environment}}},
  author = {Bellemare, Marc G. and Naddaf, Yavar and Veness, Joel and Bowling, Michael},
  date = {2013-06-14},
  journaltitle = {Journal of Artificial Intelligence Research},
  shortjournal = {jair},
  volume = {47},
  eprint = {1207.4708},
  eprinttype = {arxiv},
  pages = {253--279},
  issn = {1076-9757},
  doi = {10.1613/jair.3912},
  archiveprefix = {arXiv},
  annotation = {460 citations (Crossref) [2022-07-31]}
}

@book{ArtificialIntelligenceGames_Yannakakis.Togelius_2018,
  title = {Artificial {{Intelligence}} and {{Games}}},
  author = {Yannakakis, Georgios N. and Togelius, Julian},
  date = {2018},
  publisher = {{Springer International Publishing}},
  location = {{Cham}},
  doi = {10.1007/978-3-319-63519-4},
  isbn = {978-3-319-63518-7 978-3-319-63519-4},
  langid = {english},
  keywords = {AI,games}
}

@unpublished{AsynchronousMethodsDeep_Mnih.Badia.ea_2016,
  title = {Asynchronous {{Methods}} for {{Deep Reinforcement Learning}}},
  author = {Mnih, Volodymyr and Badia, Adrià Puigdomènech and Mirza, Mehdi and Graves, Alex and Lillicrap, Timothy P. and Harley, Tim and Silver, David and Kavukcuoglu, Koray},
  date = {2016-06-16},
  eprint = {1602.01783},
  eprinttype = {arxiv},
  primaryclass = {cs},
  url = {http://arxiv.org/abs/1602.01783},
  urldate = {2021-04-28},
  archiveprefix = {arXiv},
  langid = {english},
  annotation = {3905 citations (Semantic Scholar/arXiv) [2021-04-28]}
}

@inreference{Atari2600__2022,
  title = {Atari 2600},
  booktitle = {Wikipedia},
  date = {2022-07-24T17:26:11Z},
  url = {https://en.wikipedia.org/w/index.php?title=Atari_2600&oldid=1100194806},
  urldate = {2022-07-29},
  langid = {english},
  annotation = {Page Version ID: 1100194806}
}

@incollection{BanditBasedMonteCarlo_Kocsis.Szepesvari_2006,
  title = {Bandit {{Based Monte-Carlo Planning}}},
  booktitle = {Machine {{Learning}}: {{ECML}} 2006},
  author = {Kocsis, Levente and Szepesvári, Csaba},
  editor = {Fürnkranz, Johannes and Scheffer, Tobias and Spiliopoulou, Myra},
  date = {2006},
  volume = {4212},
  pages = {282--293},
  publisher = {{Springer Berlin Heidelberg}},
  location = {{Berlin, Heidelberg}},
  url = {http://link.springer.com/10.1007/11871842_29},
  urldate = {2021-04-05},
  editorb = {Hutchison, David and Kanade, Takeo and Kittler, Josef and Kleinberg, Jon M. and Mattern, Friedemann and Mitchell, John C. and Naor, Moni and Nierstrasz, Oscar and Pandu Rangan, C. and Steffen, Bernhard and Sudan, Madhu and Terzopoulos, Demetri and Tygar, Dough and Vardi, Moshe Y. and Weikum, Gerhard},
  editorbtype = {redactor},
  isbn = {978-3-540-45375-8 978-3-540-46056-5},
  langid = {english}
}

@online{BayesianEloRating__,
  title = {Bayesian {{Elo Rating}}},
  url = {https://www.remi-coulom.fr/Bayesian-Elo/},
  urldate = {2022-06-15}
}

@inreference{BridgePattern__2022,
  title = {Bridge Pattern},
  booktitle = {Wikipedia},
  date = {2022-06-27T23:29:06Z},
  url = {https://en.wikipedia.org/w/index.php?title=Bridge_pattern&oldid=1095365747},
  urldate = {2022-07-22},
  langid = {english},
  annotation = {Page Version ID: 1095365747}
}

@article{CompilingMachineLearning_Frostig.Johnson.ea_2019,
  title = {Compiling Machine Learning Programs via High-Level Tracing},
  author = {Frostig, Roy and Johnson, Matthew James and Leary, Chris},
  date = {2019},
  pages = {3},
  langid = {english}
}

@article{ComputerScienceEmpirical_Newell.Simon_1976,
  title = {Computer Science as Empirical Inquiry: Symbols and Search},
  shorttitle = {Computer Science as Empirical Inquiry},
  author = {Newell, Allen and Simon, Herbert A.},
  date = {1976-03},
  journaltitle = {Communications of the ACM},
  shortjournal = {Commun. ACM},
  volume = {19},
  number = {3},
  pages = {113--126},
  issn = {0001-0782, 1557-7317},
  doi = {10.1145/360018.360022},
  langid = {english},
  annotation = {1238 citations (Crossref) [2022-07-31]}
}

@inproceedings{DeepReinforcementLearning_Hasselt.Guez.ea_2016,
  title = {Deep Reinforcement Learning with Double {{Q-Learning}}},
  booktitle = {Proceedings of the {{Thirtieth AAAI Conference}} on {{Artificial Intelligence}}},
  author = {van Hasselt, Hado and Guez, Arthur and Silver, David},
  date = {2016-02-12},
  series = {{{AAAI}}'16},
  pages = {2094--2100},
  publisher = {{AAAI Press}},
  location = {{Phoenix, Arizona}}
}

@inproceedings{DeepResidualLearning_He.Zhang.ea_2016,
  title = {Deep {{Residual Learning}} for {{Image Recognition}}},
  booktitle = {2016 {{IEEE Conference}} on {{Computer Vision}} and {{Pattern Recognition}} ({{CVPR}})},
  author = {He, Kaiming and Zhang, Xiangyu and Ren, Shaoqing and Sun, Jian},
  date = {2016-06},
  pages = {770--778},
  publisher = {{IEEE}},
  location = {{Las Vegas, NV, USA}},
  doi = {10.1109/CVPR.2016.90},
  eventtitle = {2016 {{IEEE Conference}} on {{Computer Vision}} and {{Pattern Recognition}} ({{CVPR}})},
  isbn = {978-1-4673-8851-1},
  langid = {english},
  keywords = {notion},
  annotation = {53177 citations (Crossref) [2022-07-31]}
}

@article{DifficultyTrainingRecurrent_Pascanu.Mikolov.ea_,
  title = {On the Difficulty of Training Recurrent Neural Networks},
  author = {Pascanu, Razvan and Mikolov, Tomas and Bengio, Yoshua},
  pages = {9},
  langid = {english}
}

@unpublished{DistributedPrioritizedExperience_Horgan.Quan.ea_2018,
  title = {Distributed {{Prioritized Experience Replay}}},
  author = {Horgan, Dan and Quan, John and Budden, David and Barth-Maron, Gabriel and Hessel, Matteo and van Hasselt, Hado and Silver, David},
  options = {useprefix=true},
  date = {2018-03-02},
  eprint = {1803.00933},
  eprinttype = {arxiv},
  primaryclass = {cs},
  url = {http://arxiv.org/abs/1803.00933},
  urldate = {2021-06-08},
  archiveprefix = {arXiv},
  keywords = {thesis}
}

@software{DmEnvDeepMind__2022,
  title = {Dm\_env: {{The DeepMind RL Environment API}}},
  shorttitle = {Dm\_env},
  date = {2022-06-07T13:52:23Z},
  origdate = {2019-07-08T13:58:50Z},
  url = {https://github.com/deepmind/dm_env},
  urldate = {2022-06-09},
  organization = {{DeepMind}}
}

@inproceedings{DoubleQlearning_Hasselt_2010,
  title = {Double {{Q-learning}}},
  booktitle = {Advances in {{Neural Information Processing Systems}}},
  author = {Hasselt, Hado},
  date = {2010},
  volume = {23},
  publisher = {{Curran Associates, Inc.}},
  url = {https://proceedings.neurips.cc/paper/2010/hash/091d584fced301b442654dd8c23b3fc9-Abstract.html},
  urldate = {2022-07-24}
}

@article{DuelingNetworkArchitectures_Wang.Schaul.ea_,
  title = {Dueling {{Network Architectures}} for {{Deep Reinforcement Learning}}},
  author = {Wang, Ziyu and Schaul, Tom and Hessel, Matteo and van Hasselt, Hado and Lanctot, Marc and de Freitas, Nando},
  options = {useprefix=true},
  pages = {9},
  langid = {english}
}

@article{EfficiencyAlphabetaSearch__1977,
  title = {The Efficiency of the Alpha-Beta Search on Trees with Branch-Dependent Terminal Node Scores},
  date = {1977-04-01},
  journaltitle = {Artificial Intelligence},
  volume = {8},
  number = {2},
  pages = {137--153},
  publisher = {{Elsevier}},
  issn = {0004-3702},
  doi = {10.1016/0004-3702(77)90017-0},
  langid = {english},
  annotation = {28 citations (Crossref) [2022-07-31]}
}

@incollection{EfficientSelectivityBackup_Coulom_2007,
  title = {Efficient {{Selectivity}} and {{Backup Operators}} in {{Monte-Carlo Tree Search}}},
  booktitle = {Computers and {{Games}}},
  author = {Coulom, Rémi},
  editor = {van den Herik, H. Jaap and Ciancarini, Paolo and Donkers, H. H. L. M.},
  options = {useprefix=true},
  date = {2007},
  series = {Lecture {{Notes}} in {{Computer Science}}},
  volume = {4630},
  pages = {72--83},
  publisher = {{Springer Berlin Heidelberg}},
  location = {{Berlin, Heidelberg}},
  doi = {10.1007/978-3-540-75538-8_7},
  editorb = {Hutchison, David and Kanade, Takeo and Kittler, Josef and Kleinberg, Jon M. and Mattern, Friedemann and Mitchell, John C. and Naor, Moni and Nierstrasz, Oscar and Pandu Rangan, C. and Steffen, Bernhard and Sudan, Madhu and Terzopoulos, Demetri and Tygar, Doug and Vardi, Moshe Y. and Weikum, Gerhard},
  editorbtype = {redactor},
  isbn = {978-3-540-75537-1 978-3-540-75538-8},
  langid = {english}
}

@article{ExplainableAIReview_Linardatos.Papastefanopoulos.ea_2021,
  title = {Explainable {{AI}}: {{A Review}} of {{Machine Learning Interpretability Methods}}},
  shorttitle = {Explainable {{AI}}},
  author = {Linardatos, Pantelis and Papastefanopoulos, Vasilis and Kotsiantis, Sotiris},
  date = {2021-01},
  journaltitle = {Entropy},
  volume = {23},
  number = {1},
  pages = {18},
  publisher = {{Multidisciplinary Digital Publishing Institute}},
  issn = {1099-4300},
  doi = {10.3390/e23010018},
  issue = {1},
  langid = {english},
  keywords = {notion},
  annotation = {208 citations (Crossref) [2022-08-07]}
}

@article{FormalBasisHeuristic_Hart.Nilsson.ea_1968,
  title = {A {{Formal Basis}} for the {{Heuristic Determination}} of {{Minimum Cost Paths}}},
  author = {Hart, Peter E. and Nilsson, Nils J. and Raphael, Bertram},
  date = {1968-07},
  journaltitle = {IEEE Transactions on Systems Science and Cybernetics},
  volume = {4},
  number = {2},
  pages = {100--107},
  issn = {2168-2887},
  doi = {10.1109/TSSC.1968.300136},
  eventtitle = {{{IEEE Transactions}} on {{Systems Science}} and {{Cybernetics}}},
  annotation = {5125 citations (Crossref) [2022-07-31]}
}

@online{FreshMaxLcb_RoyJonathan_2019,
  title = {Fresh Max\_lcb\_root Experiments · {{Issue}} \#2282 · Leela-Zero/Leela-Zero},
  author = {Roy, Jonathan},
  date = {2019},
  url = {https://github.com/leela-zero/leela-zero/issues/2282},
  urldate = {2022-06-15},
  langid = {english},
  organization = {{GitHub}}
}

@inreference{FuturesPromises__2022,
  title = {Futures and Promises},
  booktitle = {Wikipedia},
  date = {2022-08-02T12:30:15Z},
  url = {https://en.wikipedia.org/w/index.php?title=Futures_and_promises&oldid=1101913451},
  urldate = {2022-08-11},
  langid = {english},
  annotation = {Page Version ID: 1101913451}
}

@misc{GeneralizedDataDistribution_Fan.Xiao_2022,
  title = {Generalized {{Data Distribution Iteration}}},
  author = {Fan, Jiajun and Xiao, Changnan},
  date = {2022-06-19},
  number = {arXiv:2206.03192},
  eprint = {2206.03192},
  eprinttype = {arxiv},
  primaryclass = {cs},
  publisher = {{arXiv}},
  url = {http://arxiv.org/abs/2206.03192},
  urldate = {2022-06-24},
  archiveprefix = {arXiv},
  version = {4}
}

@article{GeneralReinforcementLearning_Silver.Hubert.ea_2018,
  title = {A General Reinforcement Learning Algorithm That Masters Chess, Shogi, and {{Go}} through Self-Play},
  author = {Silver, David and Hubert, Thomas and Schrittwieser, Julian and Antonoglou, Ioannis and Lai, Matthew and Guez, Arthur and Lanctot, Marc and Sifre, Laurent and Kumaran, Dharshan and Graepel, Thore and Lillicrap, Timothy and Simonyan, Karen and Hassabis, Demis},
  date = {2018-12-07},
  journaltitle = {Science},
  shortjournal = {Science},
  volume = {362},
  number = {6419},
  pages = {1140--1144},
  issn = {0036-8075, 1095-9203},
  doi = {10.1126/science.aar6404},
  langid = {english},
  annotation = {925 citations (Crossref) [2022-07-31] 940 citations (Semantic Scholar/DOI) [2021-04-28]}
}

@online{GreenpeepComputerGo__,
  title = {Greenpeep, a {{Computer Go Program}}},
  url = {http://www.chrisrosin.com/greenpeep/index.html},
  urldate = {2022-08-08},
  keywords = {notion}
}

@software{GymnaxJAXbasedReinforcement_RobertTjarkoLange_2022,
  title = {Gymnax: {{A JAX-based Reinforcement Learning Environment Library}}},
  author = {{Robert Tjarko Lange}},
  date = {2022},
  url = {https://github.com/RobertTLange/gymnax},
  urldate = {2022-07-29},
  version = {0.0.4}
}

@software{HaikuSonnetJAX_Hennigan.Cai.ea_2020,
  title = {Haiku: {{Sonnet}} for {{JAX}}},
  date = {2020},
  url = {http://github.com/deepmind/dm-haiku},
  editora = {Hennigan, Tom and Cai, Trevor and Norman, Tamara and Babuschkin, Igor},
  editoratype = {collaborator},
  organization = {{DeepMind}},
  version = {0.0.3}
}

@misc{IMPALAScalableDistributed_Espeholt.Soyer.ea_2018,
  title = {{{IMPALA}}: {{Scalable Distributed Deep-RL}} with {{Importance Weighted Actor-Learner Architectures}}},
  shorttitle = {{{IMPALA}}},
  author = {Espeholt, Lasse and Soyer, Hubert and Munos, Remi and Simonyan, Karen and Mnih, Volodymir and Ward, Tom and Doron, Yotam and Firoiu, Vlad and Harley, Tim and Dunning, Iain and Legg, Shane and Kavukcuoglu, Koray},
  date = {2018-06-28},
  number = {arXiv:1802.01561},
  eprint = {1802.01561},
  eprinttype = {arxiv},
  primaryclass = {cs},
  publisher = {{arXiv}},
  doi = {10.48550/arXiv.1802.01561},
  archiveprefix = {arXiv}
}

@software{JAXComposableTransformations_JamesBradbury.RoyFrostig.ea_2018,
  title = {{{JAX}}: Composable Transformations of {{Python}}+{{NumPy}} Programs},
  shorttitle = {{{JAX}}},
  author = {{James Bradbury} and {Roy Frostig} and {Peter Hawkins} and {Qiao Zhang} and {Matthew James}},
  date = {2018},
  origdate = {2018-10-25T21:25:02Z},
  url = {https://github.com/google/jax},
  urldate = {2022-07-22},
  organization = {{Google}},
  version = {0.3.16}
}

@inreference{JosephJagger__2022,
  title = {Joseph {{Jagger}}},
  booktitle = {Wikipedia},
  date = {2022-04-20T06:01:04Z},
  url = {https://en.wikipedia.org/w/index.php?title=Joseph_Jagger&oldid=1083701644},
  urldate = {2022-06-03},
  langid = {english},
  annotation = {Page Version ID: 1083701644}
}

@unpublished{MasteringAtariGames_Ye.Liu.ea_2021,
  title = {Mastering {{Atari Games}} with {{Limited Data}}},
  author = {Ye, Weirui and Liu, Shaohuai and Kurutach, Thanard and Abbeel, Pieter and Gao, Yang},
  date = {2021-10-30},
  eprint = {2111.00210},
  eprinttype = {arxiv},
  primaryclass = {cs},
  url = {http://arxiv.org/abs/2111.00210},
  urldate = {2021-11-03},
  archiveprefix = {arXiv}
}

@article{MasteringAtariGo_Schrittwieser.Antonoglou.ea_2020,
  title = {Mastering {{Atari}}, {{Go}}, Chess and Shogi by Planning with a Learned Model},
  author = {Schrittwieser, Julian and Antonoglou, Ioannis and Hubert, Thomas and Simonyan, Karen and Sifre, Laurent and Schmitt, Simon and Guez, Arthur and Lockhart, Edward and Hassabis, Demis and Graepel, Thore and Lillicrap, Timothy and Silver, David},
  date = {2020-12-24},
  journaltitle = {Nature},
  shortjournal = {Nature},
  volume = {588},
  number = {7839},
  pages = {604--609},
  issn = {0028-0836, 1476-4687},
  doi = {10.1038/s41586-020-03051-4},
  langid = {english},
  keywords = {thesis},
  annotation = {201 citations (Crossref) [2022-07-31] 218 citations (Semantic Scholar/DOI) [2021-04-28] muzero}
}

@misc{MasteringChessShogi_Silver.Hubert.ea_2017,
  title = {Mastering {{Chess}} and {{Shogi}} by {{Self-Play}} with a {{General Reinforcement Learning Algorithm}}},
  author = {Silver, David and Hubert, Thomas and Schrittwieser, Julian and Antonoglou, Ioannis and Lai, Matthew and Guez, Arthur and Lanctot, Marc and Sifre, Laurent and Kumaran, Dharshan and Graepel, Thore and Lillicrap, Timothy and Simonyan, Karen and Hassabis, Demis},
  date = {2017-12-05},
  number = {arXiv:1712.01815},
  eprint = {1712.01815},
  eprinttype = {arxiv},
  primaryclass = {cs},
  publisher = {{arXiv}},
  doi = {10.48550/arXiv.1712.01815},
  archiveprefix = {arXiv}
}

@article{MasteringGameGo_Silver.Schrittwieser.ea_2017,
  title = {Mastering the Game of {{Go}} without Human Knowledge},
  author = {Silver, David and Schrittwieser, Julian and Simonyan, Karen and Antonoglou, Ioannis and Huang, Aja and Guez, Arthur and Hubert, Thomas and Baker, Lucas and Lai, Matthew and Bolton, Adrian and Chen, Yutian and Lillicrap, Timothy and Hui, Fan and Sifre, Laurent and van den Driessche, George and Graepel, Thore and Hassabis, Demis},
  options = {useprefix=true},
  date = {2017-10},
  journaltitle = {Nature},
  volume = {550},
  number = {7676},
  pages = {354--359},
  publisher = {{Nature Publishing Group}},
  issn = {1476-4687},
  doi = {10.1038/nature24270},
  issue = {7676},
  langid = {english},
  keywords = {thesis},
  annotation = {3328 citations (Crossref) [2022-07-31]}
}

@software{MctxMCTSinJAX__2022,
  title = {Mctx: {{MCTS-in-JAX}}},
  shorttitle = {Mctx},
  date = {2022-07-30T13:33:42Z},
  origdate = {2022-03-01T17:26:43Z},
  url = {https://github.com/deepmind/mctx},
  urldate = {2022-08-06},
  organization = {{DeepMind}}
}

@unpublished{MinAtarAtariInspiredTestbed_Young.Tian_2019,
  title = {{{MinAtar}}: {{An Atari-Inspired Testbed}} for {{Thorough}} and {{Reproducible Reinforcement Learning Experiments}}},
  shorttitle = {{{MinAtar}}},
  author = {Young, Kenny and Tian, Tian},
  date = {2019-06-06},
  number = {arXiv:1903.03176},
  eprint = {1903.03176},
  eprinttype = {arxiv},
  primaryclass = {cs},
  publisher = {{arXiv}},
  doi = {10.48550/arXiv.1903.03176},
  archiveprefix = {arXiv}
}

@inreference{MockObject__2021,
  title = {Mock Object},
  booktitle = {Wikipedia},
  date = {2021-10-12T14:17:11Z},
  url = {https://en.wikipedia.org/w/index.php?title=Mock_object&oldid=1049556133},
  urldate = {2022-07-23},
  langid = {english},
  annotation = {Page Version ID: 1049556133}
}

@misc{ModelBasedReinforcementLearning_Kaiser.Babaeizadeh.ea_2020,
  title = {Model-{{Based Reinforcement Learning}} for {{Atari}}},
  author = {Kaiser, Lukasz and Babaeizadeh, Mohammad and Milos, Piotr and Osinski, Blazej and Campbell, Roy H. and Czechowski, Konrad and Erhan, Dumitru and Finn, Chelsea and Kozakowski, Piotr and Levine, Sergey and Mohiuddin, Afroz and Sepassi, Ryan and Tucker, George and Michalewski, Henryk},
  date = {2020-02-19},
  number = {arXiv:1903.00374},
  eprint = {1903.00374},
  eprinttype = {arxiv},
  primaryclass = {cs, stat},
  publisher = {{arXiv}},
  url = {http://arxiv.org/abs/1903.00374},
  urldate = {2022-06-24},
  archiveprefix = {arXiv}
}

@article{ModificationUCTPatterns_Gelly.Wang.ea_2006,
  title = {Modification of {{UCT}} with Patterns in {{Monte-Carlo}} Go},
  author = {Gelly, Sylvain and Wang, Yizao and Munos, Rémi and Teytaud, Olivier},
  date = {2006},
  url = {http://citeseerx.ist.psu.edu/viewdoc/citations?doi=10.1.1.96.7727},
  urldate = {2022-06-03},
  langid = {english}
}

@inreference{MonteCarloCasino__2022,
  title = {Monte {{Carlo Casino}}},
  booktitle = {Wikipedia},
  date = {2022-05-28T13:26:51Z},
  url = {https://en.wikipedia.org/w/index.php?title=Monte_Carlo_Casino&oldid=1090263293},
  urldate = {2022-06-03},
  langid = {english},
  annotation = {Page Version ID: 1090263293}
}

@article{MonteCarloGo_Brugmann_1993,
  title = {Monte {{Carlo Go}}},
  author = {Brügmann, Bernd},
  date = {1993},
  url = {http://citeseerx.ist.psu.edu/viewdoc/citations;jsessionid=F7111F60B165A10780A1F4E08F13CBB9?doi=10.1.1.10.449},
  urldate = {2022-06-03},
  langid = {english}
}

@article{MonteCarloTreeSearch_Chaslot.Bakkes.ea_2008,
  title = {Monte-{{Carlo Tree Search}}: {{A New Framework}} for {{Game AI}}},
  author = {Chaslot, Guillaume and Bakkes, Sander and Szita, Istvan and Spronck, Pieter},
  date = {2008},
  pages = {2},
  langid = {english}
}

@article{MultiarmedBanditsEpisode_Rosin_2011,
  title = {Multi-Armed Bandits with Episode Context},
  author = {Rosin, Christopher D.},
  date = {2011-03},
  journaltitle = {Annals of Mathematics and Artificial Intelligence},
  shortjournal = {Ann Math Artif Intell},
  volume = {61},
  number = {3},
  pages = {203--230},
  issn = {1012-2443, 1573-7470},
  doi = {10.1007/s10472-011-9258-6},
  langid = {english},
  annotation = {57 citations (Crossref) [2022-07-31]}
}

@software{MuZeroGeneral_Duvaud.AureleHainaut_2022,
  title = {{{MuZero General}}},
  author = {Duvaud, Werner and {Aurèle Hainaut}},
  date = {2022-07-21T17:00:13Z},
  origdate = {2019-12-27T02:33:51Z},
  url = {https://github.com/werner-duvaud/muzero-general},
  urldate = {2022-07-22}
}

@software{MuZeroSEEDRL__2022,
  title = {{{MuZero}} with {{SEED RL}}},
  date = {2022-08-07T02:31:32Z},
  origdate = {2018-10-04T18:42:48Z},
  url = {https://github.com/google-research/google-research/tree/master/muzero},
  urldate = {2022-08-07},
  organization = {{Google Research}},
  keywords = {notion}
}

@misc{MuZeroSelfcompetitionRate_Mandhane.Zhernov.ea_2022,
  title = {{{MuZero}} with {{Self-competition}} for {{Rate Control}} in {{VP9 Video Compression}}},
  author = {Mandhane, Amol and Zhernov, Anton and Rauh, Maribeth and Gu, Chenjie and Wang, Miaosen and Xue, Flora and Shang, Wendy and Pang, Derek and Claus, Rene and Chiang, Ching-Han and Chen, Cheng and Han, Jingning and Chen, Angie and Mankowitz, Daniel J. and Broshear, Jackson and Schrittwieser, Julian and Hubert, Thomas and Vinyals, Oriol and Mann, Timothy},
  date = {2022-02-14},
  number = {arXiv:2202.06626},
  eprint = {2202.06626},
  eprinttype = {arxiv},
  primaryclass = {cs, eess},
  publisher = {{arXiv}},
  url = {http://arxiv.org/abs/2202.06626},
  urldate = {2022-08-02},
  archiveprefix = {arXiv},
  keywords = {notion}
}

@unpublished{ObserveLookFurther_Pohlen.Piot.ea_2018,
  title = {Observe and {{Look Further}}: {{Achieving Consistent Performance}} on {{Atari}}},
  shorttitle = {Observe and {{Look Further}}},
  author = {Pohlen, Tobias and Piot, Bilal and Hester, Todd and Azar, Mohammad Gheshlaghi and Horgan, Dan and Budden, David and Barth-Maron, Gabriel and van Hasselt, Hado and Quan, John and Večerík, Mel and Hessel, Matteo and Munos, Rémi and Pietquin, Olivier},
  options = {useprefix=true},
  date = {2018-05-29},
  number = {arXiv:1805.11593},
  eprint = {1805.11593},
  eprinttype = {arxiv},
  primaryclass = {cs, stat},
  publisher = {{arXiv}},
  doi = {10.48550/arXiv.1805.11593},
  archiveprefix = {arXiv}
}

@inproceedings{OnlineOfflineReinforcement_Schrittwieser.Hubert.ea_2021b,
  title = {Online and {{Offline Reinforcement Learning}} by {{Planning}} with a {{Learned Model}}},
  author = {Schrittwieser, Julian and Hubert, Thomas K. and Mandhane, Amol and Barekatain, Mohammadamin and Antonoglou, Ioannis and Silver, David},
  date = {2021-10-25},
  url = {https://openreview.net/forum?id=HKtsGW-lNbw},
  urldate = {2022-08-02},
  eventtitle = {Advances in {{Neural Information Processing Systems}}},
  langid = {english},
  keywords = {notion}
}

@unpublished{OpenAIGym_Brockman.Cheung.ea_2016,
  title = {{{OpenAI Gym}}},
  author = {Brockman, Greg and Cheung, Vicki and Pettersson, Ludwig and Schneider, Jonas and Schulman, John and Tang, Jie and Zaremba, Wojciech},
  date = {2016-06-05},
  number = {arXiv:1606.01540},
  eprint = {1606.01540},
  eprinttype = {arxiv},
  primaryclass = {cs},
  publisher = {{arXiv}},
  doi = {10.48550/arXiv.1606.01540},
  archiveprefix = {arXiv}
}

@unpublished{OpenSpielFrameworkReinforcement_Lanctot.Lockhart.ea_2020,
  title = {{{OpenSpiel}}: {{A Framework}} for {{Reinforcement Learning}} in {{Games}}},
  shorttitle = {{{OpenSpiel}}},
  author = {Lanctot, Marc and Lockhart, Edward and Lespiau, Jean-Baptiste and Zambaldi, Vinicius and Upadhyay, Satyaki and Pérolat, Julien and Srinivasan, Sriram and Timbers, Finbarr and Tuyls, Karl and Omidshafiei, Shayegan and Hennes, Daniel and Morrill, Dustin and Muller, Paul and Ewalds, Timo and Faulkner, Ryan and Kramár, János and De Vylder, Bart and Saeta, Brennan and Bradbury, James and Ding, David and Borgeaud, Sebastian and Lai, Matthew and Schrittwieser, Julian and Anthony, Thomas and Hughes, Edward and Danihelka, Ivo and Ryan-Davis, Jonah},
  date = {2020-09-26},
  number = {arXiv:1908.09453},
  eprint = {1908.09453},
  eprinttype = {arxiv},
  primaryclass = {cs},
  publisher = {{arXiv}},
  doi = {10.48550/arXiv.1908.09453},
  archiveprefix = {arXiv}
}

@unpublished{OperatorViewPolicy_Ghosh.Machado.ea_2020,
  title = {An Operator View of Policy Gradient Methods},
  author = {Ghosh, Dibya and Machado, Marlos C. and Roux, Nicolas Le},
  date = {2020-10-22},
  number = {arXiv:2006.11266},
  eprint = {2006.11266},
  eprinttype = {arxiv},
  primaryclass = {cs, stat},
  publisher = {{arXiv}},
  url = {http://arxiv.org/abs/2006.11266},
  urldate = {2022-05-31},
  archiveprefix = {arXiv}
}

@software{OptaxComposableGradient_MatteoHessel.DavidBudden.ea_2020,
  title = {Optax: Composable Gradient Transformation and Optimisation, in {{JAX}}!},
  author = {{Matteo Hessel} and {David Budden} and {Fabio Viola} and {Mihaela Rosca} and {Eren Sezener} and {Tom Hennigan} and {Matteo Hessel and David Budden and Fabio Viola and Mihaela Rosca}},
  date = {2020},
  origdate = {2020-06-12T15:45:35Z},
  url = {https://github.com/deepmind/optax},
  urldate = {2022-08-05},
  organization = {{DeepMind}},
  version = {0.1.3}
}

@unpublished{PlayingAtariDeep_Mnih.Kavukcuoglu.ea_2013,
  title = {Playing {{Atari}} with {{Deep Reinforcement Learning}}},
  author = {Mnih, Volodymyr and Kavukcuoglu, Koray and Silver, David and Graves, Alex and Antonoglou, Ioannis and Wierstra, Daan and Riedmiller, Martin},
  date = {2013-12-19},
  eprint = {1312.5602},
  eprinttype = {arxiv},
  primaryclass = {cs},
  url = {http://arxiv.org/abs/1312.5602},
  urldate = {2020-12-01},
  archiveprefix = {arXiv},
  langid = {english},
  annotation = {4881 citations (Semantic Scholar/arXiv) [2021-04-28]}
}

@misc{PodracerArchitecturesScalable_Hessel.Kroiss.ea_2021,
  title = {Podracer Architectures for Scalable {{Reinforcement Learning}}},
  author = {Hessel, Matteo and Kroiss, Manuel and Clark, Aidan and Kemaev, Iurii and Quan, John and Keck, Thomas and Viola, Fabio and van Hasselt, Hado},
  options = {useprefix=true},
  date = {2021-04-13},
  number = {arXiv:2104.06272},
  eprint = {2104.06272},
  eprinttype = {arxiv},
  primaryclass = {cs},
  publisher = {{arXiv}},
  url = {http://arxiv.org/abs/2104.06272},
  urldate = {2022-07-19},
  archiveprefix = {arXiv},
  keywords = {notion}
}

@article{POLICYIMPROVEMENTPLANNING_Danihelka.Guez.ea_2022,
  title = {{{POLICY IMPROVEMENT BY PLANNING WITH GUMBEL}}},
  author = {Danihelka, Ivo and Guez, Arthur and Schrittwieser, Julian and Silver, David},
  date = {2022},
  pages = {22},
  langid = {english}
}

@unpublished{PrioritizedExperienceReplay_Schaul.Quan.ea_2016,
  title = {Prioritized {{Experience Replay}}},
  author = {Schaul, Tom and Quan, John and Antonoglou, Ioannis and Silver, David},
  date = {2016-02-25},
  number = {arXiv:1511.05952},
  eprint = {1511.05952},
  eprinttype = {arxiv},
  primaryclass = {cs},
  publisher = {{arXiv}},
  url = {http://arxiv.org/abs/1511.05952},
  urldate = {2022-06-09},
  archiveprefix = {arXiv}
}

@article{RainbowCombiningImprovements_Hessel.Modayil.ea_2018,
  title = {Rainbow: {{Combining Improvements}} in {{Deep Reinforcement Learning}}},
  shorttitle = {Rainbow},
  author = {Hessel, Matteo and Modayil, Joseph and Van Hasselt, Hado and Schaul, Tom and Ostrovski, Georg and Dabney, Will and Horgan, Dan and Piot, Bilal and Azar, Mohammad and Silver, David},
  date = {2018-04-29},
  journaltitle = {Proceedings of the AAAI Conference on Artificial Intelligence},
  shortjournal = {AAAI},
  volume = {32},
  number = {1},
  issn = {2374-3468, 2159-5399},
  doi = {10.1609/aaai.v32i1.11796},
  langid = {english},
  annotation = {23 citations (Crossref) [2022-07-31]}
}

@misc{RayDistributedFramework_Moritz.Nishihara.ea_2018,
  title = {Ray: {{A Distributed Framework}} for {{Emerging AI Applications}}},
  shorttitle = {Ray},
  author = {Moritz, Philipp and Nishihara, Robert and Wang, Stephanie and Tumanov, Alexey and Liaw, Richard and Liang, Eric and Elibol, Melih and Yang, Zongheng and Paul, William and Jordan, Michael I. and Stoica, Ion},
  date = {2018-09-29},
  number = {arXiv:1712.05889},
  eprint = {1712.05889},
  eprinttype = {arxiv},
  primaryclass = {cs, stat},
  publisher = {{arXiv}},
  doi = {10.48550/arXiv.1712.05889},
  archiveprefix = {arXiv}
}

@article{RealtimeHeuristicSearch_Korf_1990,
  title = {Real-Time Heuristic Search},
  author = {Korf, Richard E.},
  date = {1990-03-01},
  journaltitle = {Artificial Intelligence},
  shortjournal = {Artificial Intelligence},
  volume = {42},
  number = {2},
  pages = {189--211},
  issn = {0004-3702},
  doi = {10.1016/0004-3702(90)90054-4},
  langid = {english},
  annotation = {394 citations (Crossref) [2022-07-31]}
}

@article{RECURRENTEXPERIENCEREPLAY_Kapturowski.Ostrovski.ea_2019,
  title = {{{RECURRENT EXPERIENCE REPLAY IN DISTRIBUTED REINFORCEMENT LEARNING}}},
  author = {Kapturowski, Steven and Ostrovski, Georg and Quan, John and Munos, Remi and Dabney, Will},
  date = {2019},
  pages = {19},
  langid = {english}
}

@online{ReflectionsRandomKitchen_Recht_,
  title = {Reflections on {{Random Kitchen Sinks}}},
  author = {Recht, Benjamin},
  url = {http://benjamin-recht.github.io/2017/12/05/kitchen-sinks/},
  urldate = {2022-08-07},
  organization = {{arg min blog}}
}

@book{ReinforcementLearningIntroduction_Sutton.Barto_2018,
  title = {Reinforcement Learning: An Introduction},
  shorttitle = {Reinforcement Learning},
  author = {Sutton, Richard S. and Barto, Andrew G.},
  date = {2018},
  series = {Adaptive Computation and Machine Learning Series},
  edition = {Second edition},
  publisher = {{The MIT Press}},
  location = {{Cambridge, Massachusetts}},
  isbn = {978-0-262-03924-6},
  langid = {english},
  pagetotal = {526}
}

@misc{ReverbFrameworkExperience_Cassirer.Barth-Maron.ea_2021,
  title = {Reverb: {{A Framework For Experience Replay}}},
  shorttitle = {Reverb},
  author = {Cassirer, Albin and Barth-Maron, Gabriel and Brevdo, Eugene and Ramos, Sabela and Boyd, Toby and Sottiaux, Thibault and Kroiss, Manuel},
  date = {2021-02-09},
  number = {arXiv:2102.04736},
  eprint = {2102.04736},
  eprinttype = {arxiv},
  primaryclass = {cs},
  publisher = {{arXiv}},
  url = {http://arxiv.org/abs/2102.04736},
  urldate = {2022-07-30},
  archiveprefix = {arXiv}
}

@unpublished{RevisitingArcadeLearning_Machado.Bellemare.ea_2017,
  title = {Revisiting the {{Arcade Learning Environment}}: {{Evaluation Protocols}} and {{Open Problems}} for {{General Agents}}},
  shorttitle = {Revisiting the {{Arcade Learning Environment}}},
  author = {Machado, Marlos C. and Bellemare, Marc G. and Talvitie, Erik and Veness, Joel and Hausknecht, Matthew and Bowling, Michael},
  date = {2017-11-30},
  eprint = {1709.06009},
  eprinttype = {arxiv},
  primaryclass = {cs},
  url = {http://arxiv.org/abs/1709.06009},
  urldate = {2022-03-20},
  archiveprefix = {arXiv}
}

@unpublished{RLlibAbstractionsDistributed_Liang.Liaw.ea_2018,
  title = {{{RLlib}}: {{Abstractions}} for {{Distributed Reinforcement Learning}}},
  shorttitle = {{{RLlib}}},
  author = {Liang, Eric and Liaw, Richard and Moritz, Philipp and Nishihara, Robert and Fox, Roy and Goldberg, Ken and Gonzalez, Joseph E. and Jordan, Michael I. and Stoica, Ion},
  date = {2018-06-28},
  eprint = {1712.09381},
  eprinttype = {arxiv},
  primaryclass = {cs},
  url = {http://arxiv.org/abs/1712.09381},
  urldate = {2021-09-24},
  archiveprefix = {arXiv},
  keywords = {infra,notion}
}

@unpublished{SEEDRLScalable_Espeholt.Marinier.ea_2020,
  title = {{{SEED RL}}: {{Scalable}} and {{Efficient Deep-RL}} with {{Accelerated Central Inference}}},
  shorttitle = {{{SEED RL}}},
  author = {Espeholt, Lasse and Marinier, Raphaël and Stanczyk, Piotr and Wang, Ke and Michalski, Marcin},
  date = {2020-02-11},
  eprint = {1910.06591},
  eprinttype = {arxiv},
  primaryclass = {cs, stat},
  url = {http://arxiv.org/abs/1910.06591},
  urldate = {2021-09-18},
  archiveprefix = {arXiv}
}

@article{SiameseNeuralNetworks_Koch.Zemel.ea_,
  title = {Siamese {{Neural Networks}} for {{One-shot Image Recognition}}},
  author = {Koch, Gregory and Zemel, Richard and Salakhutdinov, Ruslan},
  pages = {8},
  langid = {english}
}

@article{SimpleStatisticalGradientfollowing_Williams_1992,
  title = {Simple Statistical Gradient-Following Algorithms for Connectionist Reinforcement Learning},
  author = {Williams, Ronald J.},
  date = {1992-05-01},
  journaltitle = {Machine Learning},
  shortjournal = {Mach Learn},
  volume = {8},
  number = {3},
  pages = {229--256},
  issn = {1573-0565},
  doi = {10.1007/BF00992696},
  langid = {english},
  annotation = {1752 citations (Crossref) [2022-07-31]}
}

@online{StellaMultiPlatformAtari__,
  title = {Stella: "{{A Multi-Platform Atari}} 2600 {{VCS Emulator}}"},
  url = {https://stella-emu.github.io/},
  urldate = {2022-07-29}
}

@article{SurveyMonteCarlo_Browne.Powley.ea_2012,
  title = {A {{Survey}} of {{Monte Carlo Tree Search Methods}}},
  author = {Browne, Cameron B. and Powley, Edward and Whitehouse, Daniel and Lucas, Simon M. and Cowling, Peter I. and Rohlfshagen, Philipp and Tavener, Stephen and Perez, Diego and Samothrakis, Spyridon and Colton, Simon},
  date = {2012-03},
  journaltitle = {IEEE Transactions on Computational Intelligence and AI in Games},
  shortjournal = {IEEE Trans. Comput. Intell. AI Games},
  volume = {4},
  number = {1},
  pages = {1--43},
  issn = {1943-068X, 1943-0698},
  doi = {10.1109/TCIAIG.2012.2186810},
  langid = {english},
  annotation = {1172 citations (Crossref) [2022-08-05]}
}

@article{TensorFlowLargeScaleMachine_Abadi.Agarwal.ea_,
  title = {{{TensorFlow}}: {{Large-Scale Machine Learning}} on {{Heterogeneous Distributed Systems}}},
  author = {Abadi, Martın and Agarwal, Ashish and Barham, Paul and Brevdo, Eugene and Chen, Zhifeng and Citro, Craig and Corrado, Greg S and Davis, Andy and Dean, Jeffrey and Devin, Matthieu and Ghemawat, Sanjay and Goodfellow, Ian and Harp, Andrew and Irving, Geoffrey and Isard, Michael and Jia, Yangqing and Jozefowicz, Rafal and Kaiser, Lukasz and Kudlur, Manjunath and Levenberg, Josh and Mane, Dan and Monga, Rajat and Moore, Sherry and Murray, Derek and Olah, Chris and Schuster, Mike and Shlens, Jonathon and Steiner, Benoit and Sutskever, Ilya and Talwar, Kunal and Tucker, Paul and Vanhoucke, Vincent and Vasudevan, Vijay and Viegas, Fernanda and Vinyals, Oriol and Warden, Pete and Wattenberg, Martin and Wicke, Martin and Yu, Yuan and Zheng, Xiaoqiang},
  pages = {19},
  langid = {english}
}

@software{TrainingSpeedEvaluation_Lange_2022,
  title = {Training \& {{Speed Evaluation Tools}} for Gymnax},
  author = {Lange, Robert},
  date = {2022-07-25T06:52:20Z},
  origdate = {2022-05-28T18:50:51Z},
  url = {https://github.com/RobertTLange/gymnax-blines},
  urldate = {2022-07-29},
  keywords = {notion}
}

@unpublished{TransformersAreRNNs_Katharopoulos.Vyas.ea_2020,
  title = {Transformers Are {{RNNs}}: {{Fast Autoregressive Transformers}} with {{Linear Attention}}},
  shorttitle = {Transformers Are {{RNNs}}},
  author = {Katharopoulos, Angelos and Vyas, Apoorv and Pappas, Nikolaos and Fleuret, François},
  date = {2020-08-31},
  eprint = {2006.16236},
  eprinttype = {arxiv},
  primaryclass = {cs, stat},
  url = {http://arxiv.org/abs/2006.16236},
  urldate = {2021-06-25},
  archiveprefix = {arXiv},
  keywords = {transformer}
}

@unpublished{ValuePredictionNetwork_Oh.Singh.ea_2017,
  title = {Value {{Prediction Network}}},
  author = {Oh, Junhyuk and Singh, Satinder and Lee, Honglak},
  date = {2017-11-06},
  eprint = {1707.03497},
  eprinttype = {arxiv},
  primaryclass = {cs},
  url = {http://arxiv.org/abs/1707.03497},
  urldate = {2021-05-14},
  archiveprefix = {arXiv},
  langid = {english},
  keywords = {thesis}
}

@unpublished{VectorQuantizedModels_Ozair.Li.ea_2021,
  title = {Vector {{Quantized Models}} for {{Planning}}},
  author = {Ozair, Sherjil and Li, Yazhe and Razavi, Ali and Antonoglou, Ioannis and van den Oord, Aäron and Vinyals, Oriol},
  date = {2021-06-10},
  number = {arXiv:2106.04615},
  eprint = {2106.04615},
  eprinttype = {arxiv},
  primaryclass = {cs, stat},
  publisher = {{arXiv}},
  doi = {10.48550/arXiv.2106.04615},
  archiveprefix = {arXiv}
}

@unpublished{VisualizingMuZeroModels_deVries.Voskuil.ea_2021,
  title = {Visualizing {{MuZero Models}}},
  author = {de Vries, Joery A. and Voskuil, Ken S. and Moerland, Thomas M. and Plaat, Aske},
  options = {useprefix=true},
  date = {2021-03-03},
  eprint = {2102.12924},
  eprinttype = {arxiv},
  primaryclass = {cs, stat},
  url = {http://arxiv.org/abs/2102.12924},
  urldate = {2021-10-28},
  archiveprefix = {arXiv}
}


